@inproceedings{endert2011observation,
  title={Observation-level interaction with statistical models for visual analytics},
  author={Endert, Alex and Han, Chao and Maiti, Dipayan and House, Leanna and North, Chris},
  booktitle={Visual Analytics Science and Technology (VAST), 2011 IEEE Conference on},
  pages={121--130},
  year={2011},
  organization={IEEE}
}

@inproceedings{brown2012dis,
  title={Dis-function: Learning distance functions interactively},
  author={Brown, Eli T and Liu, Jingjing and Brodley, Carla E and Chang, Remco},
  booktitle={Visual Analytics Science and Technology (VAST), 2012 IEEE Conference on},
  pages={83--92},
  year={2012},
  organization={IEEE}
}
